@Misc{definicion,
  author =   {insideHPC},
  title =    {What is high performance computing?},
  howpublished = {\url{https://insidehpc.com/hpc-basic-training/what-is-hpc/}}
}

@book{Hennessy,
    author = {Hennessy, John L. and Patterson, David A.},
    citeulike-article-id = {709475},
    citeulike-linkout-0 = {http://portal.acm.org/citation.cfm?id=773294},
    isbn = {0124077269},
    keywords = {computer, organization, books},
    posted-at = {2006-08-09 11:54:13},
    priority = {2},
    publisher = {Morgan Kauffmann},
    title = {{Computer Organization and Design MIPS Edition: The Hardware/Software Interface}},
    url = {http://portal.acm.org/citation.cfm?id=773294},
    year = {2013}
}

@book{Duato,
    author = {Duato, Jose. and Yalamanchili, Sudhakar and Ni, Lionel},
    citeulike-article-id = {709475},
    citeulike-linkout-0 = {http://portal.acm.org/citation.cfm?id=773294},
    isbn = {1558608524},
    keywords = {interconnection, networks, books},
    posted-at = {2006-08-09 11:54:13},
    priority = {2},
    publisher = {Morgan Kauffmann},
    title = {{Interconnection Networks: An Engineering Approach}},
    url = {http://portal.acm.org/citation.cfm?id=773294},
    year = {2002}
}

@book{Dally,
    author = {Dally, William J. and Towles, Brian},
    citeulike-article-id = {709475},
    citeulike-linkout-0 = {http://portal.acm.org/citation.cfm?id=773294},
    isbn = {0122007514},
    keywords = {interconnection, network, books},
    posted-at = {2006-08-09 11:54:13},
    priority = {2},
    publisher = {Morgan Kaufmann},
    title = {{Principles and Practices of Interconnection Networks}},
    url = {http://portal.acm.org/citation.cfm?id=773294},
    year = {2004}
}

@book{Yebenes,
    author = {Yebenes Segura, P.},
    citeulike-article-id = {709475},
    citeulike-linkout-0 = {http://portal.acm.org/citation.cfm?id=773294},
    keywords = {interconnection, network, thesis},
    posted-at = {2006-08-09 11:54:13},
    priority = {2},
    publisher = {Universidad de Castilla-La Mancha},
    title = {{Queuing Schemes for Head-of-Line Blocking Reduction in HPC-Systems Interconnection Networks with Hybrid Topologies}},
    url = {http://portal.acm.org/citation.cfm?id=773294},
    year = {2013}
}


@online{definicion2,
  author = {insideHPC},
  title = {What is high performance computing},
  url = {https://insidehpc.com/hpc-basic-training/what-is-hpc/},
  urldate = {2020-02-10}
}

@online{top500,
  author = {top500.org},
  title = {Top 500. The list},
  url = {https://www.top500.org/},
  urldate = {2020-02-10}
}

@online{rfc,
  author = {Bradne and McQuaid},
  title = {Benchmarking Methodology for Network Interconnect Devices},
  month = 03,
  year = 1999,
  url = {https://tools.ietf.org/html/rfc2544},
  urldate = {2020-02-10}
}

@online{i3a,
  author = {UCLM},
  title = {Instituto de Investigación en Informática de Albacete},
  year = 2020,
  url = {https://www.i3a.uclm.es/i3a_w/},
  urldate = {2020-02-10}
}


@online{NetFPGAwiki,
  author = {Bressana, Pietro},
  title = {NetFPGA-SUME-public},
  year = 2018,
  url = {https://github.com/NetFPGA/NetFPGA-SUME-public/wiki},
  urldate = {2019-12-16}
}

@online{NetFPGAds,
  author = {Digilent, Inc.},
  title = {NetFPGA-SUME Reference Manual},
  year = 2016,
  url = {https://reference.digilentinc.com/_media/sume:netfpga-sume_rm.pdf},
  urldate = {2020-01-21}
}

@online{NetFPGAslides,
  author = {Zilberman, Noa},
  title = {P51: High Performance Networking},
  year = 2018,
  url = {https://www.cl.cam.ac.uk/teaching/1819/P51/lab1.pdf},
  urldate = {2020-01-21}
}

@online{NetFPGAswitch,
  author = {Galea, Salvator},
  title = {NetFPGA SUME Reference Learning Switch},
  year = 2017,
  url = {https://github.com/NetFPGA/NetFPGA-SUME-public/wiki/NetFPGA-SUME-Reference-Learning-Switch},
  urldate = {2020-01-23}
}

@online{NetFPGAinterfaces,
  author = {Bressana, Pietro},
  title = {Standard IP interfaces},
  year = 2018,
  url = {https://github.com/NetFPGA/NetFPGA-SUME-public/wiki/Standard-IP-Interfaces},
  urldate = {2020-01-23}
}

@online{NetFPGAinstall,
  author = {Ramanujan, Murali},
  title = {Reference Operating System Setup Guide},
  year = 2018,
  url = {https://github.com/NetFPGA/NetFPGA-SUME-public/wiki/Reference-Operating-System-Setup-Guide},
  urldate = {2020-01-29}
}

@online{NetFPGAsim,
  author = {Kalogeridou, Georgina},
  title = {Simulating NetFPGA SUME designs},
  year = 2015,
  url = {https://github.com/NetFPGA/NetFPGA-SUME-public/wiki/NetFPGA-SUME-Simulations},
  urldate = {2020-01-31}
}

@online{NetFPGArefsim,
  author = {Galea, Salvator},
  title = {NetFPGA SUME Reference Learning Switch},
  year = 2017,
  url = {https://github.com/NetFPGA/NetFPGA-SUME-public/wiki/NetFPGA-SUME-Reference-Learning-Switch},
  urldate = {2020-02-04}
}

@online{NetFPGAtcam,
  author = {Galea, Salvator},
  title = {NetFPGA SUME TCAM IPs},
  year = 2017,
  url = {https://github.com/NetFPGA/NetFPGA-SUME-public/wiki/NetFPGA-SUME-TCAM-IPs},
  urldate = {2020-02-04}
}

@article{Karol87tc,
	Author = {Karol, M. and Hluchyj, M. and Morgan, S.},
	Date-Added = {2018-07-26 11:57:41 +0000},
	Date-Modified = {2018-07-26 11:57:56 +0000},
	Doi = {10.1109/TCOM.1987.1096719},
	File = {IEEE Xplore Abstract Record:/Users/jesus/Zotero/storage/LF9HDA6L/1096719.html:text/html;IEEE Xplore Full Text PDF:/Users/jesus/Zotero/storage/QSXZWS46/Karol et al. - 1987 - Input Versus Output Queueing on a Space-Division P.pdf:application/pdf},
	Issn = {0090-6778},
	Journal = {IEEE Transactions on Communications},
	Keywords = {Switches, Computer networks, Communication switching, Throughput, Fabrics, Buildings, Communication networks, Concurrent computing, Integrated circuit interconnections, Packet switching, Space-division switching},
	Month = dec,
	Number = {12},
	Pages = {1347--1356},
	Title = {Input {Versus} {Output} {Queueing} on a {Space}-{Division} {Packet} {Switch}},
	Volume = {35},
	Year = {1987},
	Bdsk-Url-1 = {https://doi.org/10.1109/TCOM.1987.1096719}}

